@manuel{V47,
    title = {Experiment No. 47: Temperature Dependence of the Specific Heat of Solids},
    year = {2023},
    organization = {Fakult√§t Physik, TU Dortmund}
}
@online{wiki,
  title = {Avogadro-Konstante},
  date = {2023-07-13},
  url = {https://de.wikipedia.org/wiki/Avogadro-Konstante},
}
@online{lenntech,
  title = {Kupfer (Cu): Gesundheitliche Auswirkungen von Kupfer - Umwelttechnische Auswirkungen von Kupfer},
  date = {2023-07-13},
  url = {https://www.lenntech.de/pse/elemente/cu.htm},
}
@online{internetchemie,
  title = {Kupfer: Informationen und Daten zum chemischen Element Kupfer.},
  date = {2023-07-13},
  url = {https://www.internetchemie.info/chemische-elemente/kupfer.php},
}
@online{wiki_const,
  title = {Physikalische Konstante},
  date = {2023-07-13},
  url = {https://de.wikipedia.org/wiki/Physikalische_Konstante},
}
